@book{speyer2008stochastic,
	title={Stochastic processes, estimation, and control},
	author={Speyer, Jason L and Chung, Walter H},
	year={2008},
	publisher={SIAM}
}